
    <zs:record>
      <zs:recordSchema/>
      <zs:recordPacking>xml</zs:recordPacking>
      <zs:recordData>
        <record xmlns="http://www.loc.gov/MARC21/slim">
          <leader>01049cam a22003131  4500</leader>
          <controlfield tag="001">8861491</controlfield>
          <controlfield tag="005">20180330104848.0</controlfield>
          <controlfield tag="008">720301s1955    miua     b    000 0 eng  </controlfield>
          <datafield tag="906" ind1=" " ind2=" ">
            <subfield code="a">7</subfield>
            <subfield code="b">cbc</subfield>
            <subfield code="c">oclcrpl</subfield>
            <subfield code="d">u</subfield>
            <subfield code="e">ncip</subfield>
            <subfield code="f">19</subfield>
            <subfield code="g">y-gencatlg</subfield>
          </datafield>
          <datafield tag="925" ind1="0" ind2=" ">
            <subfield code="a">acquire</subfield>
            <subfield code="b">1 shelf copy</subfield>
            <subfield code="x">policy default</subfield>
          </datafield>
          <datafield tag="010" ind1=" " ind2=" ">
            <subfield code="a">   55010726 </subfield>
          </datafield>
          <datafield tag="015" ind1=" " ind2=" ">
            <subfield code="a">GB56-5312</subfield>
          </datafield>
          <datafield tag="035" ind1=" " ind2=" ">
            <subfield code="9">(DLC)   55010726</subfield>
          </datafield>
          <datafield tag="035" ind1=" " ind2=" ">
            <subfield code="a">(OCoLC)253077</subfield>
          </datafield>
          <datafield tag="040" ind1=" " ind2=" ">
            <subfield code="a">DLC</subfield>
            <subfield code="c">OClW</subfield>
            <subfield code="d">OCoLC</subfield>
            <subfield code="d">Uk</subfield>
            <subfield code="d">DLC</subfield>
          </datafield>
          <datafield tag="042" ind1=" " ind2=" ">
            <subfield code="a">premarc</subfield>
          </datafield>
          <datafield tag="050" ind1="0" ind2="0">
            <subfield code="a">N5760</subfield>
            <subfield code="b">.R45</subfield>
          </datafield>
          <datafield tag="100" ind1="1" ind2=" ">
            <subfield code="a">Richter, Gisela M. A.</subfield>
            <subfield code="q">(Gisela Marie Augusta),</subfield>
            <subfield code="d">1882-1972.</subfield>
          </datafield>
          <datafield tag="245" ind1="1" ind2="0">
            <subfield code="a">Ancient Italy;</subfield>
            <subfield code="b">a study of the interrelations of its peoples as shown in their arts.</subfield>
          </datafield>
          <datafield tag="260" ind1=" " ind2=" ">
            <subfield code="a">Ann Arbor,</subfield>
            <subfield code="b">University of Michigan Press,</subfield>
            <subfield code="c">1955.</subfield>
          </datafield>
          <datafield tag="300" ind1=" " ind2=" ">
            <subfield code="a">xxiv, 137 p.</subfield>
            <subfield code="b">305 illus.</subfield>
          </datafield>
          <datafield tag="440" ind1=" " ind2="0">
            <subfield code="a">Jerome lectures ;</subfield>
            <subfield code="v">4th ser.</subfield>
          </datafield>
          <datafield tag="504" ind1=" " ind2=" ">
            <subfield code="a">Bibliographical footnotes.</subfield>
          </datafield>
          <datafield tag="650" ind1=" " ind2="0">
            <subfield code="a">Art, Greco-Roman.</subfield>
          </datafield>
          <datafield tag="650" ind1=" " ind2="0">
            <subfield code="a">Art, Greek.</subfield>
          </datafield>
          <datafield tag="650" ind1=" " ind2="0">
            <subfield code="a">Art, Roman.</subfield>
          </datafield>
          <datafield tag="650" ind1=" " ind2="0">
            <subfield code="a">Art</subfield>
            <subfield code="z">Italy.</subfield>
          </datafield>
          <datafield tag="985" ind1=" " ind2=" ">
            <subfield code="e">OCLC REPLACEMENT cdsdistr</subfield>
          </datafield>
          <datafield tag="991" ind1=" " ind2=" ">
            <subfield code="p">00017465430</subfield>
            <subfield code="t">Copy 1</subfield>
            <subfield code="b">c-GenColl</subfield>
            <subfield code="h">N5760</subfield>
            <subfield code="i">.R45</subfield>
            <subfield code="w">OCLCREP</subfield>
          </datafield>
        </record>
      </zs:recordData>
      <zs:recordPosition>18</zs:recordPosition>
    </zs:record>