
    <zs:record>
      <zs:recordSchema/>
      <zs:recordPacking>xml</zs:recordPacking>
      <zs:recordData>
        <record xmlns="http://www.loc.gov/MARC21/slim">
          <leader>00888cam a22002651  4500</leader>
          <controlfield tag="001">8000827</controlfield>
          <controlfield tag="005">20180330110534.0</controlfield>
          <controlfield tag="008">720613s1966    enka     b    000 0 eng  </controlfield>
          <datafield tag="035" ind1=" " ind2=" ">
            <subfield code="9">(DLC)   66002601</subfield>
          </datafield>
          <datafield tag="906" ind1=" " ind2=" ">
            <subfield code="a">7</subfield>
            <subfield code="b">cbc</subfield>
            <subfield code="c">oclcrpl</subfield>
            <subfield code="d">u</subfield>
            <subfield code="e">ncip</subfield>
            <subfield code="f">19</subfield>
            <subfield code="g">y-gencatlg</subfield>
          </datafield>
          <datafield tag="925" ind1="0" ind2=" ">
            <subfield code="a">acquire</subfield>
            <subfield code="b">2 shelf copies</subfield>
            <subfield code="x">KW, 2015-11-02</subfield>
          </datafield>
          <datafield tag="010" ind1=" " ind2=" ">
            <subfield code="a">   66002601 </subfield>
          </datafield>
          <datafield tag="015" ind1=" " ind2=" ">
            <subfield code="a">B66-3309</subfield>
          </datafield>
          <datafield tag="035" ind1=" " ind2=" ">
            <subfield code="a">(OCoLC)330988</subfield>
          </datafield>
          <datafield tag="040" ind1=" " ind2=" ">
            <subfield code="a">DLC</subfield>
            <subfield code="c">ODaWU</subfield>
            <subfield code="d">OCoLC</subfield>
            <subfield code="d">Uk</subfield>
            <subfield code="d">DLC</subfield>
          </datafield>
          <datafield tag="050" ind1="0" ind2="0">
            <subfield code="a">NK2280</subfield>
            <subfield code="b">.R52</subfield>
          </datafield>
          <datafield tag="082" ind1=" " ind2=" ">
            <subfield code="a">749.201</subfield>
          </datafield>
          <datafield tag="100" ind1="1" ind2=" ">
            <subfield code="a">Richter, Gisela M. A.</subfield>
            <subfield code="q">(Gisela Marie Augusta),</subfield>
            <subfield code="d">1882-1972.</subfield>
          </datafield>
          <datafield tag="245" ind1="1" ind2="4">
            <subfield code="a">The furniture of the Greeks, Etruscans and Romans,</subfield>
            <subfield code="c">by G.M.A. Richter.</subfield>
          </datafield>
          <datafield tag="260" ind1=" " ind2=" ">
            <subfield code="a">London,</subfield>
            <subfield code="b">Phaidon P.</subfield>
            <subfield code="c">[1966]</subfield>
          </datafield>
          <datafield tag="300" ind1=" " ind2=" ">
            <subfield code="a">vi, 369 p.</subfield>
            <subfield code="b">693 illus.</subfield>
            <subfield code="c">32 cm.</subfield>
          </datafield>
          <datafield tag="504" ind1=" " ind2=" ">
            <subfield code="a">Bibliography: p. 341-343.</subfield>
          </datafield>
          <datafield tag="650" ind1=" " ind2="0">
            <subfield code="a">Furniture, Ancient.</subfield>
          </datafield>
          <datafield tag="985" ind1=" " ind2=" ">
            <subfield code="e">OCLC REPLACEMENT</subfield>
          </datafield>
          <datafield tag="991" ind1=" " ind2=" ">
            <subfield code="b">c-GenColl</subfield>
            <subfield code="h">NK2280</subfield>
            <subfield code="i">.R52</subfield>
            <subfield code="p">00013785673</subfield>
            <subfield code="t">Copy 1</subfield>
            <subfield code="w">OCLCREP</subfield>
          </datafield>
        </record>
      </zs:recordData>
      <zs:recordPosition>28</zs:recordPosition>
    </zs:record>